@article{eitz2012hdhso,
author={Eitz, Mathias and Hays, James and Alexa, Marc},
title={How Do Humans Sketch Objects?},
journal={ACM Trans. Graph. (Proc. SIGGRAPH)},
year={2012},
volume={31},
number={4},
pages = {44:1--44:10}
}

@inproceedings{krizhevsky2012imagenet,
  title={Imagenet classification with deep convolutional neural networks},
  author={Krizhevsky, Alex and Sutskever, Ilya and Hinton, Geoffrey E},
  booktitle={Advances in neural information processing systems},
  pages={1097--1105},
  year={2012}
}

@article{sarvadevabhatla2015freehand,
title= {Freehand sketch recognition using deep features},
author= {Sarvadevabhatla, Ravi Kiran and R. Venkatesh Babu},
year= {2015},
publisher={arXiv preprint arXiv:1502.00254.}
}

@article{schneider2014sketch,
  title={Sketch classification and classification-driven analysis using fisher vectors},
  author={Schneider, Ros{\'a}lia G and Tuytelaars, Tinne},
  journal={ACM Transactions on Graphics (TOG)},
  volume={33},
  number={6},
  pages={174},
  year={2014},
  publisher={ACM}
}

@inproceedings{seddati2015deepsketch,
  title={Deepsketch: deep convolutional neural networks for sketch recognition and similarity search},
  author={Seddati, Omar and Dupont, Stephane and Mahmoudi, Sa{\"\i}d},
  booktitle={Content-Based Multimedia Indexing (CBMI), 2015 13th International Workshop on},
  pages={1--6},
  year={2015},
  organization={IEEE}
}

@inproceedings{seddati2016deepsketch,
  title={DeepSketch 2: Deep convolutional neural networks for partial sketch recognition},
  author={Seddati, Omar and Dupont, Stephane and Mahmoudi, Sa{\"\i}d},
  booktitle={Content-Based Multimedia Indexing (CBMI), 2016 14th International Workshop on},
  pages={1--6},
  year={2016},
  organization={IEEE}
}

@article{sutherland1964sketchpad,
  title={Sketchpad a man-machine graphical communication system},
  author={Sutherland, Ivan E},
  journal={Transactions of the Society for Computer Simulation},
  volume={2},
  number={5},
  pages={R--3},
  year={1964},
  publisher={Sage Publications Sage CA: Thousand Oaks, CA}
}

@inproceedings{szegedy2015going,
  title={Going deeper with convolutions},
  author={Szegedy, Christian and Liu, Wei and Jia, Yangqing and Sermanet, Pierre and Reed, Scott and Anguelov, Dragomir and Erhan, Dumitru and Vanhoucke, Vincent and Rabinovich, Andrew},
  booktitle={Proceedings of the IEEE Conference on Computer Vision and Pattern Recognition},
  pages={1--9},
  year={2015}
}

@inproceedings{yesilbek2015svm,
  title={SVM-based sketch recognition: which hyperparameter interval to try?},
  author={Yesilbek, Kemal Tugrul and Sen, Cansu and Cakmak, Serike and Sezgin, T Metin},
  booktitle={Proceedings of the workshop on Sketch-Based Interfaces and Modeling},
  pages={117--121},
  year={2015},
  organization={Eurographics Association}
}

@article{yu2016sketch,
  title={Sketch-a-net: A deep neural network that beats humans},
  author={Yu, Qian and Yang, Yongxin and Liu, Feng and Song, Yi-Zhe and Xiang, Tao and Hospedales, Timothy M},
  journal={International Journal of Computer Vision},
  pages={1--15},
  year={2016},
  publisher={Springer}
}
@article{hekaming2016,
  title={Deep residual learning for image recognition.},
  author={He, Kaiming and Zhang, Xiangyu and Ren, Shaoqing and Sun, Jian},
  journal={IEEE Conference on Computer Vision and Pattern Recognition},
  year={2016},
  publisher={Springer}
}


@article{Szegedy2012,
  title={Going deeper with convolutions. },
  author={Szegedy, Christian, Liu, Wei, Jia, Yangquing, Sermanet, Pierre, Reed, Scott, Anguelov, Dragomir, Dumitru, Erhna, Vanhoucke, Vincent, Rabinovich, Andrew},
  journal={IEEE Conference on Computer Vision and Pattern Recognition},
  pages= {1-9},
  year={2012},
  publisher={CV- Foundation}
}


@article{Qianx2015,
  title={Enhancing sketch-based image retrieval by re-ranking and relevance feedback },
  author={Qian, X., Tan, X., Zhang, Y., Hong, R., & Wang, M.},
  journal={IEEE Transactions on Image Processing},
  pages= {195-208},
  year={2015},
  publisher={Springer}
}

@article{Li2015,
  title={Free-hand sketch recognition by multi-kernel feature learning},
  author={Li, Yu, Hospedales, Timothy, Song, Yi-Zhe, & Gong, Shaogang},
  journal={Computer Vision and Image Understanding},
  pages= {1-1},
  year={2015},
  publisher={Elsevier}
}

@article{Eitz2015,
  title={An  evaluation  of  descriptors  for  large-scale  image  retrieval  from sketched  feature  lines},
  author={Eitz, Mathias, Hildebrand, Kristrian, Boubekeur, Tamy, and Alexa, Marc},
  journal={Computer and Graphics},
  pages= {482-498},
  year={2015},
  publisher={Elsevier}
}

@article{zagoruyko2016wide,
  title={Wide residual networks},
  author={Zagoruyko, Sergey and Komodakis, Nikos},
  journal={arXiv preprint arXiv:1605.07146},
  year={2016}
}

@article{srivastava2014dropout,
  title={Dropout: A simple way to prevent neural networks from overfitting},
  author={Srivastava, Nitish and Hinton, Geoffrey and Krizhevsky, Alex and Sutskever, Ilya and Salakhutdinov, Ruslan},
  journal={The Journal of Machine Learning Research},
  volume={15},
  number={1},
  pages={1929--1958},
  year={2014},
  publisher={JMLR. org}
}

@article{ioffe2015batch,
  title={Batch normalization: Accelerating deep network training by reducing internal covariate shift},
  author={Ioffe, Sergey and Szegedy, Christian},
  journal={arXiv preprint arXiv:1502.03167},
  year={2015}
}

@article{kingma2014adam,
  title={Adam: A method for stochastic optimization},
  author={Kingma, Diederik and Ba, Jimmy},
  journal={arXiv preprint arXiv:1412.6980},
  year={2014}
}


@article{Sadouk2016,
  title={ A Novel Approach of Deep Convolutional Neural Networks for Sketch Recognition.},
  author={Sadouk, Lamyaa, Gadi, Taoufiq, and Essoufi, El Hassan},
  journal={nternational Conference on Hybrid Intelligent Systems},
  year={2016}
}